@article{Dijkstras,
  author  = {Edsger W. Dijkstra}, 
  title   = {\href{http://www-m3.ma.tum.de/foswiki/pub/MN0506/WebHome/dijkstra.pdf} {A Note on Two Problems in Connexion with Graphs}},
  journal = {Numerische Mathematik},
  year    = 1959,
  number  = 1,
  pages   = {269-271},
  month   = 12,
  volume  = 1
}


@article{Bellman,
  author  = {Richard E. Bellman}, 
  title   = {\href{https://www.ams.org/journals/qam/1958-16-01/S0033-569X-1958-0102435-2/} {On a routing problem}},
  journal = {\href{https://www.ams.org/publications/journals/journalsframework/qam}{Quarterly of Applied Mathematics}},
  year    = 1958,
  number  = 1,
  pages   = {87-90}, 
  volume  = 16
}

@article{Shimbel,
  author  = {Alfonso Shimbel}, 
  title   = {Applications of Matrix Algebra to Communication Nets.},
  journal = {BULLETIN OF MATHEMATICAL BIOPHYSICS},
  year    = 1951,
  pages   = {165-18}, 
  volume  = 13
}


@phdthesis{Klasen,
  author       = {Volker Klasen}, 
  title        = {\href{https://kola.opus.hbz-nrw.de/opus45-kola/frontdoor/deliver/index/docId/420/file/DA_KLASEN.pdf} {Verifying Dijkstra's Algorithm with KeY}},
  school       = {Universitat Koblenz-Landau},
  year         = 2010,
  month        = 3,
}


@inbook{Bove,
  author       = {Bove, Ana, and Peter Dybjer}, 
  title        = {\href{http://www.cse.chalmers.se/~peterd/papers/DependentTypesAtWork.pdf}{Dependent Types at Work}},
  pages        = {57-99},
  publisher    = {Springer},
  year         = 2008,
  volume       = 5520,
}
  %series       = ISBN 978-3-642-03152-6.,

@misc{Mange,
  author       = {R. Mange and J. Kuhn}, 
  title        = {\href{https://lara.epfl.ch/w/_media/dijkstra.pdf}{Verifying dijkstra algorithm in Jahob}},
  howpublished = {Student Project at Ecole Polytechnique Fédérale de Lausanne},
  year         = 2007,
}


@misc{Jean,
  author       = {Jean-Christophe Filliâtre}, 
  title        = {\href{http://toccata.lri.fr/gallery/dijkstra.en.html}{Dijkstra's Shortest Path Algorithm}},
  howpublished = {\href{http://toccata.lri.fr/index.en.html}{Toccata}},
  year         = 2007,
}

@misc{Jean&Takei,
  author       = {Yuto Takei, Jean-Christophe Filliâtre}, 
  title        = {\href{http://toccata.lri.fr/gallery/bellman_ford.en.html}{A proof of Bellman-Ford algorithm}},
  howpublished = {\href{http://toccata.lri.fr/index.en.html}{Toccata}},
  year         = published date unknown,
}
 
@manual{why3,
  title        = {\href{http://why3.lri.fr/manual.pdf}{The Why3 platform}},
  author       = {François Bobot, Jean-Christophe Filliâtre et al.}, 
  organization = {Toccata},
  address      = {Inria Saclay-Île-de-France / LRI Univ Paris-Sud 11 / CNRS},
  edition      = 1.2.0,
  month        = 1,
  year         = 2019,
}


@inbook{DijkstrasQuote,
  author       = {Edsger W. Dijkstra}, 
  title        = {Structured Programming},
  chapter      = 1, 
  pages        = {1-82},
  publisher    = {Academic Press Ltd. London, UK, UK},
  year         = 1972,
  note         = {Section 3 ("On The Reliability of Mechanisms"), corollary at the end}
}
  %series       = ISBN:0-12-200550-3,

@article{Moore,
  author  = {Robert S. Boyer and J Strother Moore}, 
  title   = {PROGRAM VERIFICATION},
  journal = {Journal of Automated Reasoning},
  year    = 1985,
  pages   = {17-23}, 
  issue = 1,
  volume  = 1
}

@book{discrete,
  author    = {Susanna S. Epp}, 
  title     = {Discrete Mathematics with Applications},
  publisher = {Brooks/Cole Publishing Co.},
  year      = 2010,
  address   = {Pacific Grove, CA, USA},
  edition   = 4,
  isbn      = {0495391328 9780495391326}
}


@misc{idris_tutorial,
  title        = {\href{http://docs.idris-lang.org/en/latest/tutorial/index.html#the-idris-tutorial}{The Idris Tutorial}},
  howpublished = {\url{http://docs.idris-lang.org/en/latest/tutorial/index.html#the-idris-tutorial}},
  year         = 2017,
}


@conference{idris,
  author       = {Edwin Brady, Christoph Herrmann and Kevin Hammond}, 
  title        = {\href{https://eb.host.cs.st-andrews.ac.uk/drafts/tfp08.pdf}{Lightweight Invariants with Full Dependent Types}},
  booktitle    = {Draft Proceedings of Trends in Functional Programming 2008},
  year         = 2008
}

@misc{coq,
  title        = {\href{https://coq.inria.fr/}{The Coq Proof Assistant}},
  howpublished = {\url{https://coq.inria.fr/}},
  year         = 2017,
}

@misc{ergo,
  title        = {\href{https://alt-ergo.ocamlpro.com/}{Alt-Ergo}},
  howpublished = {\url{https://alt-ergo.ocamlpro.com/}},
  year         = 2011,
}

@misc{cvc4,
  title        = {\href{http://cvc4.cs.stanford.edu/web/}{CVC4 the smt solver}},
  howpublished = {\url{http://cvc4.cs.stanford.edu/web/}},
  year         = 2014,
}

@misc{z3,
  title        = {\href{https://github.com/Z3Prover}{Z3 Theorem Prover}},
  howpublished = {\url{https://github.com/Z3Prover}},
  year         = 2015,
}

@misc{compcert,
  title        = {\href{http://compcert.inria.fr/}{COMPCERT}},
  howpublished = {\url{http://compcert.inria.fr/}},
  year         = 2008,
}


% [1] V. Klasen, "Verifying dijkstra's algorithm with key," in Diploma Thesis, Universitat Koblenz-Landau, 2010.%\url{https://kola.opus.hbz-nrw.de/opus45-kola/frontdoor/deliver/index/docId/420/file/DA_KLASEN.pdf}
% \newline
% [2] Bove, Ana, and Peter Dybjer. “Dependent Types at Work.” Language Engineering and Rigorous Software Development Lecture Notes in Computer Science, 2009, pp. 57–99., \url{doi:10.1007/978-3-642-03153-3_2}. %\url{http://www.cse.chalmers.se/~peterd/papers/DependentTypesAtWork.pdf}
% \newline
% [3] R. Mange and J. Kuhn, "Verifying dijkstra algorithm in Jahob," 2007, student project, EPFL.%\url{https://lara.epfl.ch/w/_media/dijkstra.pdf} 
% \newline
% [4] Filliâtre, Jean-Christophe. “Toccata.” Dijkstra's Shortest Path Algorithm, \url{toccata.lri.fr/gallery/dijkstra.en.html}.%\url{http://toccata.lri.fr/gallery/dijkstra.en.html}
% \newline
% [5] “Why3.” Why3, May 2015, \url{why3.lri.fr/#provers}. %\url{http://why3.lri.fr/#provers}
% \newline
% %[6] \url{http://lara.epfl.ch/w/jahob_system}
% [6] E. W. Dijkstra. A note on two problems in connexion with graphs. Numerische Mathematik, 1:269–271, 1959.
% \newline 
% [7] Richard E. Bellman. On a routing problem. Quarterly of Applied Mathematics, 16:87–90, 1958.
% \newline
% [8] A. Shimbel. Structure in communication nets. Polytechnic Press of the Poly- technic Institute of Brooklyn, page 199–203, 1955.
% \newline
% [9] Dijkstra (1970) \href{http://www.cs.utexas.edu/users/EWD/ewd02xx/EWD249.PDF}{"Notes On Structured Programming"} (EWD249), Section 3 ("On The Reliability of Mechanisms"), corollary at the end.